@article{unparsing,
  author    = {Olivier Danvy},
  title     = {Functional Unparsing},
  journal   = {J. Funct. Program.},
  volume    = {8},
  number    = {6},
  pages     = {621--625},
  year      = {1998},
  url       = {http://journals.cambridge.org/action/displayAbstract?aid=44189},
  timestamp = {Fri, 10 Jun 2011 14:42:11 +0200},
  biburl    = {https://dblp.org/rec/bib/journals/jfp/Danvy98},
  bibsource = {dblp computer science bibliography, https://dblp.org}
}

@InProceedings{gadt-popl19,
  author = {J. Dunfield and Neel Krishnaswami},
  title  = {Sound and Complete Bidirectional Typechecking for Higher-Rank Polymorphism and Indexed Types},
  booktitle = {Principles of Programming Languages (POPL)},
  month =     jan,
  year =      {2019},
  note =      {\url{http://www.cl.cam.ac.uk/~nk480/gadt.pdf}}
}

@InProceedings{Dunfield13:bidir,
  author =    {J. Dunfield and Neelakantan R. Krishnaswami},
  title =     {Complete and Easy Bidirectional Typechecking for Higher-Rank Polymorphism},
  booktitle = {International Conference on Functional Programming (ICFP)},
  month =     sep,
  year =      {2013},
  note =      {\url{arXiv:1306.6032 [cs.PL]}}
}

@inproceedings{gadt-oop,
  author = {Kennedy, Andrew and Russo, Claudio},
  year = {2005},
  month = {10},
  pages = {},
  title = {Generalized algebraic data types and object-oriented programming},
  volume = {40},
  journal = {Sigplan Notices - SIGPLAN},
  doi = {10.1145/1103845.1094814}
}

@misc{
  rankNtypes,
  note = {\url{https://ocharles.org.uk/guest-posts/2014-12-18-rank-n-types.html}}
}